@article{Storey,
  author="Storey, John D.",
  title="A direct approach to false discovery rates",
  journal="Journal of the Royal Statistical Society: Series B (Statistical Methodology). Vol. 64(3)",
  year="2002",
}

@book{ESL,
  title="The Elements of Statistical Learning: Data Mining, Inference, and Prediction",  
  author="Hastie, T. and Tibshirani, Robert and Friedman, J.H.",
  series="Springer series in statistics",
  year="2009",
  publisher="Springer",
}

@article{Bayesian,
 author = "Storey, John D.",
 title = "The Positive False Discovery Rate: A Bayesian Interpretation and the q-Value",
 journal = "The Annals of Statistics: Vol. 31(6)",
 year = "2003",
}

@article{BH,
 author = "Benjamini, Yoav and Hochberg, Yosef",
 title = "Controlling the false discovery rate: a practical and powerful approach to multiple testing",
 journal = "Journal of the Royal Statistical Society, Series B. 57(1)",
 year = "1995",
}

@article{Dependence,
  author="Storey, John D. and Tibshirani, Robert",
  title="Estimating the positive false discovery rate under dependence, with applications to DNA microarrays",
  journal="Stanford Statistics Technical Report. No. 2001-28",
  year="2001",
}

@article{Proportion2,
  author="Oyeniran, Oluyemi and Chen, Hanfeng",
  title="Estimating the Proportion of True Null Hypotheses in Multiple Testing Problems",
  journal="Journal of Probability and Statistics. Vol. 2016",
  year="2016",
}

@article{Proportion1,
 author="Langaas, Mette and Lindqvist, Bo Henry and Ferkingstad, Egil",
 title="Estimating the Proportion of True Null Hypotheses, with Application to DNA Microarray Data",
 journal="Journal of the Royal Statistical Society. Series B. Vol. 67(4)",
 year="2005",
}

@misc{RHeller,
  author = "Heller, Ruth",
  title = "False Discovery Rate Control in multiple testing problems",
  year = "2013",
  howpublished={\url{http://www.statistics.org.il/wp-content/uploads/2013/04/FDR-Ruth-Heller.pdf}},    
  note = {Accessed: 2019-10-24}
}

@article{Black,
    author="Black, Michael A.",
    title="A note on the adaptive control of false discovery rates",
    journal="Journal of the Royal Statistical Society Series B (Statistical Methodology) 66(2):297-304",
    year="2004",
}
